<?xml version="1.0" encoding="UTF-8"?><collection xmlns="http://www.loc.gov/MARC21/slim"><record><leader>00436nam--2200157-i-4500</leader><controlfield tag="001">000005442</controlfield><controlfield tag="002">20161230</controlfield><controlfield tag="005">20170114174123</controlfield><controlfield tag="008">060222s1000------------r-----000-0-eng-d</controlfield><datafield ind1=" " ind2=" " tag="080"><subfield code="a">543.544</subfield></datafield><datafield ind1=" " ind2=" " tag="100"><subfield code="a">Peixoto Cabral, J. M</subfield></datafield><datafield ind1=" " ind2=" " tag="245"><subfield code="a">Separacao de niobio de zirconio por cromotografia em papel</subfield></datafield><datafield ind1=" " ind2=" " tag="260"><subfield code="a">Lisboa</subfield><subfield code="b">Sociedade Portuguesa De Quimica E Fisica</subfield><subfield code="c">1960</subfield></datafield><datafield ind1=" " ind2=" " tag="300"><subfield code="a">8 p</subfield></datafield><datafield ind1=" " ind2=" " tag="852"><subfield code="a">25409</subfield></datafield><datafield ind1=" " ind2=" " tag="CAT"><subfield code="a">SYS</subfield><subfield code="c">20170114</subfield><subfield code="h">174123</subfield></datafield></record></collection>